<?xml version="1.0" encoding="UTF-8"?><collection xmlns="http://www.loc.gov/MARC21/slim"><record><leader>00337nam--2200133-i-4500</leader><controlfield tag="001">000042972</controlfield><controlfield tag="002">20161230</controlfield><controlfield tag="005">20161230201043</controlfield><controlfield tag="008">060222s1000------------r-----000-0-eng-d</controlfield><datafield ind1=" " ind2=" " tag="080"><subfield code="a">665.5(01)</subfield></datafield><datafield ind1=" " ind2=" " tag="100"><subfield code="a">Stoian,Gabriel</subfield></datafield><datafield ind1=" " ind2=" " tag="245"><subfield code="a">Revistele tehnice agir. petrol</subfield></datafield><datafield ind1=" " ind2=" " tag="260"><subfield code="a">Ploiesti, Inst.De Petrol Si Gaze, 1983. 40 P</subfield></datafield><datafield ind1=" " ind2=" " tag="852"><subfield code="a">D.1413</subfield></datafield></record></collection>